
@article{Kirk1996,
author = {Kirk, D.},
title = {Demographic transition theory},
journal = {Population Studies},
year = { 1996},
volume = {50},
issue={3},
pages = {361-387}
}

@article{vdKaa1987,
author = {{Van de Kaa}, D.J.},
title = {Europeâ€™s second demographic transition},
journal = {Population Bulletin},
year = {1987},
volume = {42},
issue={1},
pages = {3-57}
}

@article{Cole2015,
author = {Coleman, D. and Basten, S.},
title = {The Death of the West: An alternative view},
journal = {Population Studies},
year = {2015},
volume = {69},
issue={Sup1},
pages = {107-118}
}

@misc{ONS2014,
author = {{Office for National Statistics}},
title = {Vital Statistics. Population and health reference Tables},
year = {2014},
city = {London}
}


@article{Vaup1998,
author = {Vaupel},
title = {Demographic analysis of ageing and longevity},
journal = {The American Economic Review},
year = {1998},
volume = {88},
issue={2},
pages = {242-247}
}


@misc{DWP2013,
author = {{Department of Work and Pensions}},
title = {Extending Working Life Sector Initiative Analysis},
year = {2013}
}

@article{Frey2013,
  title={The future of employment: how susceptible are jobs to computerisation},
  author={Frey, Carl Benedikt and Osborne, Michael A},
  year={2013}
}


@article{Mad2006,
  title={Projections of the UK labour force, 2006 to 2020},
  author={Madouros, Vassilis},
  year={2006},
  journal={ONS Labour Market Trends}
}
@misc{DoT201,
author = {{Department of Transport}},
title = {National Travel Survey Statistics},
year = {2015},
city = {London},
howpublished = {\url{https://www.gov.uk/government/collections/national-travel-survey-statistics}},
note = {Accessed 11.1.2016}
}


@misc{ONS2015,
author = {{ONS}},
title = {Internet Access - Households and Individuals Dataset},
year = {2015},
city = {London},
howpublished = {\url{http://www.ons.gov.uk/ons/rel/rdit2/internet-access---households-and-individuals/2015/rft-ia-2015.xls}}
}

@misc{Sieg2015,
author = { Siegler,Veronique and  Njeru, Rittah and  Thomas, Jennifer},
title = {Inequalities in Social Capital by Age and Sex, July 2015},
year = {2015},
note = {ONS},
howpublished = {\url{http://www.ons.gov.uk/ons/dcp171766_410190.pdf}},
}

@misc{ONS2015a,
author = {{ONS}},
title = {Participation Rates in the UK Labour Market , 2014},
year = {2015},
city = {London},
howpublished = {\url{http://www.ons.gov.uk/ons/publications/re-reference-tables.html?edition=tcm\%3A77-396521}}
}


@misc{Marm2010,
  title={Fair society, healthy lives: strategic review of health inequalities in England post 2010},
  author={Marmot, Michael and Allen, J and Goldblatt, P and Boyce, T and McNeish, D and Grady, M and Geddes, I and others},
  year={2010},
  publisher={London: The Marmot Review}
}


@article{Lees2014,
  title={Increasing Longevity and the New Demography of Death},
  author={Leeson, George W},
  journal={International Journal of Population Research},
  volume={2014},
  year={2014},
  publisher={Hindawi Publishing Corporation}
}

@misc{ONS2013,
  title={Ethnic Variations in General Health and
Unpaid Care Provision, 2011},
  author={{ONS}},
  year={2013},
  publisher={Office of National Statistics},
  howpublished = {\url{http://www.ons.gov.uk/ons/dcp171776_318773.pdf}}
}

@article{Mill2011,
  title={Ageing and the use of the internet--current engagement and future needs: state-of-the-art report},
  author={Milligan, Christine and Passey, Don},
  year={2011},
  publisher={Nominet Trust}
}

@misc{UoE2015,
  title={Understanding Society: Waves 1-5, 2009-2014 [computer file]},
  author={{University of Essex}},
  year={2015},
  publisher={Institute for Social and Economic Research and NatCen Social Research},
  howpublished = {7th Edition. Colchester, Essex: UK Data Archive [distributor], November 2015. SN: 6614}
}

@misc{ONS2015b,
  author={{ONS}},
  title={Ageing of the UK population},
  year={2015},
 howpublished= {Office of National Statistics, \url{http://www.ons.gov.uk/ons/rel/pop-estimate/population-estimates-for-uk--england-and-wales--scotland-and-northern-ireland/mid-2014/sty-ageing-of-the-uk-population.html}}
}

@book{Olah2014,
  title={The new roles of men and women and implications for families and societies},
  author={Ol{\'a}h, Livia Sz and Richter, Rudolf and Kotowska, Irena E},
  year={2014},
  publisher={Families and societies. Working Paper Series}
}


@misc{INED2016,
  title={ Developed countries database},
  author={{INED }},
  year={2016},
  note={ Accessed 15.2.2016},
  howpublished = {\url{http://www.ined.fr/en/everything_about}\\\url{_population/data/online-databases/developed-countries-database/}}
}

@misc{EUST2016,
  title={ Fertility Indicators},
  author={{Eurostat }},
  year={2016},
  note={Accessed 15.2.2016},
  howpublished = {\url{http://ec.europa.eu/eurostat/web/population-demography-migration-projections/births-fertitily-data/database}}
}

@article{OECD2015,
author = {OECD},
year = {2015},
title = {Pensions at a Glance 2015},
url = {http://www.oecd-ilibrary.org/social-issues-migration-health/pensions-at-a-glance-2015_pension_glance-2015-en},
publisher = {OECD Publishing},
note={Accessed 16.2.2016}
}


@misc{HMD2015,
author = {{Human Mortality Database}},
year = {2015},
title = {},
howpublished = {University of California, Berkeley (USA), and Max Planck Institute for Demographic Research (Germany), \url{http:\\www.mortality.org }},
note={Accessed 2014}
}



@misc{ONS2013b,
author = {{ONS}},
year = {2013},
title = {National Population Projections, 2012-based projections},
howpublished = {Office of National Statistics, \url{http://www.ons.gov.uk/ons/rel/npp/national-population-}\\\url{projections/2012-based-projections/index.html}},
note={ Accessed 2014}
}


@misc{ONS2013c,
author = {{ONS}},
year = {2013},
title = {Historic and Projected Mortality Data from the Period and Cohort Life Tables, 2012-based},
howpublished = {Office of National Statistics},
note={ Accessed 2014}
}




@misc{ONS2012,
author = {{ONS}},
year = {2012},
title = {Healthy Life Expectancy},
howpublished = {Office of National Statistics, \url{http://www.ons.gov.uk/ons/rel/wellbeing/measuring-national-well-being/health/rft-health-tab-1.xls}}
}

@misc{ONS2014a,
author = {{ONS}},
year = {2014},
title = {Health expectancies at birth and age 65 in the United Kingdom, 2009-11, Statistical Bulletin. },
howpublished = {Office of National Statistics}
}


@misc{ONS2014b,
author = {{ONS}},
year = {2014},
title = {Compendium of UK Statistics: Population and Migratio; Projections of the dependency ratio},
howpublished = {Office of National Statistics, \url{http://www.ons.gov.uk/ons/guide-method/compendiums/compendium-of-uk-statistics/population-and-migration/find-out-more/index.html}}

}

@misc{Wilson2014,
  title={Working futures 2012-2022},
  author={Wilson, Rob and Beaven, Rachel and May-Gillings, Mike and Hay, Graham and Stevens, James and others},
  year={2014},
  publisher={Wath-upon-Dearne, England; UKCES}
}


@misc{DCLG2013,
author = {{DCLG}},
year = {2013},
title = {Dwelling condition and safety - English housing survey},
howpublished = {Department for Communities and Local Government, \url{https://www.gov.uk/government/statistical-data-sets/dwelling-condition-and-safety}}

}

@misc{DCLG2015,
author = {{DCLG}},
year = {2015},
title = {English Housing Survey Headline Report 2013-14 Section 1: Tables, Figures and Annex Tables},
howpublished = {Department for Communities and Local Government, \url{https://www.gov.uk/government/uploads/system/uploads/attachment_data/file/469214/2013-14_Section_1_Households_tables_and_figures_FINAL.xlsx}}
}

@misc{Ofco2015,
author = {{Ofcom}},
year = {2015},
title = {The Communications Market Report: Full Report - Data},
howpublished = {\url{http://stakeholders.ofcom.org.uk/market-data-research/market-data/communications-market-reports/cmr15/downloads/}}
}

@article{Dutt2013,
  title={Cultures of the internet: the internet in Britain. Oxford Internet Survey 2013 Report},
  author={Dutton, WH and Blank, G},
  journal={available on line at http://oxis. oii. ox. ac. uk/sites/oxis. oii. ox. ac. uk/files/content/files/publications/OxIS\_2013. pdf},
  year={2013}
}

@misc{Ofco2015b,
author = {{Ofcom}},
year = {2015},
title = {Adults' media use and attitudes Report 2015},
howpublished = {\url{http://stakeholders.ofcom.org.uk/binaries/research/media-literacy/media-lit-10years/2015_}\\\url{Adults_media_use_and_attitudes_report.pdf}}
}

@article{Drev1997,
  title={Health inequalities: decennial supplement.},
  author={Drever, Frances and Whitehead, Margaret},
  year={1997},
  publisher={London England Office for National Statistics 1997.}
}

@article{Sieg2008,
  title={Regional differences in male mortality inequalities using the National Statistics Socio-economic Classification, England and Wales, 2001-03},
  author={Siegler, Veronique and Langford, Ann and Johnson, Brian},
  journal={Health statistics quarterly},
  number={40},
  pages={6},
  year={2008},
  publisher={Office of Public Sector Information}
}

@misc{ONS2015c,
  author={{ONS}},
  title={ONS Longitudinal Study (LS) based estimates of Life Expectancy (LE) by the National Statistics Socioeconomic Classification (NS-SEC): England and Wales},
  year={2015},
 howpublished= {Office of National Statistics}
}
% \url{https://www.ons.gov.uk/peoplepopulationandcommunity/birthsdeathsandmarriages/lifeexpectancies/datasets/onslongitudinalstudylsbasedestimatesoflifeexpectancylebythenationalstatisticssocioeconomicclassificationnssecenglandandwales}
@misc{ONS2013a,
  author={{ONS}},
  title={ General health (General Lifestyle Survey Overview - a report on the 2011 General Lifestyle Survey)},
  year={2013},
 howpublished= {Office of National Statistics }
}
% \url{http://www.ons.gov.uk/peoplepopulationandcommunity/personalandhouseholdfinances/incomeandwealth/compendium/generallifestylesurvey/2013-03-07/chapter7generalhealth-generallifestylesurveyoverviewareportonthe2011generallifestylesurvey}
@misc{DoT2015,
  author={{Department of Transport}},
  title={National Travel Survey: 2014},
  year={2015},
 howpublished= {Department of Transport, \url{https://www.gov.uk/government/uploads/system/uploads/attachment_data/file/457752/nts2014-01.pdf}}
}


@misc{DWP2015,
  title={Households Below Average Income, An analysis of the income distribution 1994/95 â€“ 2013/14},
  author={Shale, John and Balchin, Khadija and Rahman, Juwaria and Reeve, Robert and Rolin, Mark},
  howpublished={Department for Work  and Pensions --National Statistics, \url{https://www.gov.uk/government/uploads/system/uploads/attachment_data/file/437246/households-below-average-income-1994-95-to-2013-14.pdf}},
  year={2015}
}

@misc{DWP2015b,
  title={Households Below Average Income,  1994/95 â€“ 2013/14 --- Supporting data tables},
  author = {DWP},
  howpublished={Department for Work  and Pensions --National Statistics, \url{https://www.gov.uk/government/uploads/system/uploads/attachment_data/file/437253/hbai-2013-2014-supporting-excel-files.zip}},
  year={2015}
}


@misc{ONS2013d,
  title={Inequality in Disability-Free Life Expectancy by Area Deprivation: England: 2003â€“06 and 2007â€“10},
  howpublished={Statistical Bulletin, Office of National Statistics} ,
  year={2013},
  publisher={Office of Public Sector Information}
}

  %\url{http://www.ons.gov.uk/peoplepopulationandcommunity/healthandsocialcare/healthandlifeexpectancies/bulletins/inequalityindisabilityfreelifeexpectancybyareadeprivationengland/2013-07-25}

@misc{ONS2014c,
	author = {{ONS}}, 
  title={Characteristics of Home Workers, 2014},
  howpublished={Office of National Statistics, \url{http://www.ons.gov.uk/ons/dcp171776_365592.pdf}},
  year={2014},
  publisher={Office of National Statistics}
}

